<record><leader>00000cas a22000007a 4500</leader><controlfield tag="001">30329538</controlfield><controlfield tag="008">940426d18781879mouwr ne      0    0eng d</controlfield><datafield ind1=" " ind2=" " tag="010"><subfield code="a">sn 94055165 </subfield></datafield><datafield ind1=" " ind2=" " tag="040"><subfield code="a">MQN</subfield><subfield code="b">eng</subfield><subfield code="c">MQN</subfield><subfield code="d">NVF</subfield><subfield code="d">OCLCQ</subfield><subfield code="d">OCLCF</subfield><subfield code="d">OCLCO</subfield></datafield><datafield ind1="1" ind2=" " tag="029"><subfield code="a">AU@</subfield><subfield code="b">000025888620</subfield></datafield><datafield ind1=" " ind2=" " tag="042"><subfield code="a">msc</subfield></datafield><datafield ind1="0" ind2=" " tag="130"><subfield code="a">Weekly times-journal (Saint Louis, Mo.)</subfield></datafield><datafield ind1="1" ind2="0" tag="245"><subfield code="a">Weekly times-journal.</subfield></datafield><datafield ind1="3" ind2="0" tag="246"><subfield code="a">Weekly times journal</subfield></datafield><datafield ind1=" " ind2=" " tag="260"><subfield code="a">St. Louis [Mo.] :</subfield><subfield code="b">B.M. Chambers,</subfield><subfield code="c">1878-1879.</subfield></datafield><datafield ind1=" " ind2=" " tag="300"><subfield code="a">v.</subfield></datafield><datafield ind1=" " ind2=" " tag="310"><subfield code="a">Weekly</subfield></datafield><datafield ind1="0" ind2=" " tag="362"><subfield code="a">Vol. 13, no. 998 (Nov. 21, 1878)-Oct. 23, 1879.</subfield></datafield><datafield ind1=" " ind2=" " tag="515"><subfield code="a">Issues for Nov. 28, 1878-Oct. 23, 1879 also called Vol. 13.</subfield></datafield><datafield ind1=" " ind2=" " tag="580"><subfield code="a">Daily ed: St. Louis times-journal.</subfield></datafield><datafield ind1=" " ind2="0" tag="651"><subfield code="a">Saint Louis (Mo.)</subfield><subfield code="v">Newspapers.</subfield></datafield><datafield ind1=" " ind2="7" tag="655"><subfield code="a">Newspapers.</subfield><subfield code="2">fast</subfield><subfield code="0">(OCoLC)fst01423814</subfield></datafield><datafield ind1=" " ind2="7" tag="651"><subfield code="a">Missouri</subfield><subfield code="z">Saint Louis.</subfield><subfield code="2">fast</subfield><subfield code="0">(OCoLC)fst01204930</subfield></datafield><datafield ind1="1" ind2=" " tag="775"><subfield code="t">St. Louis times-journal</subfield><subfield code="w">(DLC)sn 85034249</subfield></datafield><datafield ind1="0" ind2="4" tag="780"><subfield code="t">Saint Louis weekly journal</subfield><subfield code="w">(DLC)sn 85034201</subfield></datafield><datafield ind1="0" ind2="4" tag="780"><subfield code="t">St. Louis weekly times (Saint Louis, Mo. : 1866)</subfield><subfield code="w">(DLC)sn 89067655</subfield></datafield><datafield ind1="0" ind2="0" tag="785"><subfield code="t">St. Louis weekly times (Saint Louis, Mo. : 1879)</subfield><subfield code="w">(DLC)sn 84020324</subfield></datafield></record>